@string{JCP       = "J.\ Comp.\ Phys."}

@article{nair-lauritzen2010,
	title={A class of deformational flow test cases for linear transport problems on the sphere},
	author={Nair, Ramachandran D and Lauritzen, Peter H},
	journal=JCP,
	volume={229},
	number={23},
	pages={8868--8887},
	year={2010},
	publisher={Elsevier},
	doi={10.1016/j.jcp.2010.08.014}
}

