@STRING{MWR       = "Mon.\ Wea.\ Rev."}

@phdthesis{lashley2002,
	title={Automatic generation of accurate advection schemes on unstructured grids and their application to meteorological problems},
	author={Lashley, Raymond K},
	year={2002},
	pages={223},
	school={University of Reading}
}

@techreport{leonard1993,
	title={Positivity-preserving numerical schemes for multidimensional advection},
	author={Leonard, BP and MacVean, MK and Lock, AP},
	year={1993},
	institution={NASA},
	number={106055}
}

@article{schaer2002,
	title={A new terrain-following vertical coordinate formulation for atmospheric prediction models},
	author={Sch{\"a}r, Christoph and Leuenberger, Daniel and Fuhrer, Oliver and L{\"u}thi, Daniel and Girard, Claude},
	journal=MWR,
	volume={130},
	number={10},
	pages={2459--2480},
	year={2002},
	doi={10.1175/1520-0493(2002)130<2459:ANTFVC>2.0.CO;2}
}

@article{skamarock-gassmann2011,
	title={Conservative transport schemes for spherical geodesic grids: {High-order} flux operators for {ODE}-based time integration},
	author={Skamarock, William C and Gassmann, Almut},
	journal=MWR,
	volume={139},
	number={9},
	pages={2962--2975},
	year={2011},
	doi={10.1175/MWR-D-10-05056.1}
}

@article{skamarock-menchaca2010,
	title={Conservative transport schemes for spherical geodesic grids: High-order reconstructions for forward-in-time schemes},
	author={Skamarock, William C and Menchaca, Maximo},
	journal=MWR,
	volume={138},
	number={12},
	pages={4497--4508},
	year={2010},
	doi={10.1175/2010MWR3390.1}
}
